<?xml version="1.0" encoding="UTF-8"?><collection xmlns="http://www.loc.gov/MARC21/slim"><record><leader>00466nam--2200181-i-4500</leader><controlfield tag="001">000014903</controlfield><controlfield tag="002">20161230</controlfield><controlfield tag="005">20161230201031</controlfield><controlfield tag="008">060222s1000------------r-----000-0-rus-d</controlfield><datafield ind1=" " ind2=" " tag="040"><subfield code="a">IFIN-HH</subfield></datafield><datafield ind1=" " ind2=" " tag="041"><subfield code="a">rus</subfield></datafield><datafield ind1=" " ind2=" " tag="080"><subfield code="a">539.1(081)</subfield></datafield><datafield ind1="1" ind2=" " tag="100"><subfield code="a">Pustovalov, G.E</subfield></datafield><datafield ind1="1" ind2="0" tag="245"><subfield code="a">Atomnaia i iadernaia fizika</subfield><subfield code="c">G.e. pustovalov</subfield></datafield><datafield ind1=" " ind2=" " tag="260"><subfield code="a">Moskva</subfield><subfield code="b">Izdatelstvo Moskovskogo Universiteta</subfield><subfield code="c">1968</subfield></datafield><datafield ind1=" " ind2=" " tag="300"><subfield code="a">310P</subfield></datafield><datafield ind1=" " ind2=" " tag="852"><subfield code="a">30938</subfield><subfield code="c">539</subfield></datafield><datafield ind1=" " ind2=" " tag="CAT"><subfield code="a">Sys</subfield><subfield code="c">20111005</subfield><subfield code="h">162824</subfield></datafield></record></collection>